<?xml version="1.0" encoding="UTF-8"?><collection xmlns="http://www.loc.gov/MARC21/slim"><record><leader>00528nam--2200181-i-4500</leader><controlfield tag="001">000048053</controlfield><controlfield tag="002">20161230</controlfield><controlfield tag="005">20161230201046</controlfield><controlfield tag="008">060222s1000------------r-----000-0-ger-d</controlfield><datafield ind1=" " ind2=" " tag="040"><subfield code="a">IFIN-HH</subfield></datafield><datafield ind1=" " ind2=" " tag="041"><subfield code="a">ger</subfield></datafield><datafield ind1=" " ind2=" " tag="080"><subfield code="a">537.531(043)</subfield></datafield><datafield ind1="1" ind2=" " tag="100"><subfield code="a">Zinn, Werner</subfield></datafield><datafield ind1="1" ind2="0" tag="245"><subfield code="a">Untersuchung des polarisationsgrades im spektrum der rontgen-bremsstrahlung einer dunnen antikathode</subfield><subfield code="b">Dissertation</subfield><subfield code="c">Werner zinn</subfield></datafield><datafield ind1=" " ind2=" " tag="260"><subfield code="a">Wurzburg</subfield><subfield code="b">Universitat</subfield><subfield code="c">1958</subfield></datafield><datafield ind1=" " ind2=" " tag="300"><subfield code="a">26P</subfield></datafield><datafield ind1=" " ind2=" " tag="852"><subfield code="a">78086</subfield><subfield code="c">537.531</subfield></datafield><datafield ind1=" " ind2=" " tag="CAT"><subfield code="a">Sys</subfield><subfield code="c">20110810</subfield><subfield code="h">152804</subfield></datafield></record></collection>